

@article{cite:wiki-sl,
  author = {Wikipedia},
  title = {Supervised Learning},
  url = {https://en.wikipedia.org/wiki/Supervised_learning}}
 
@article{cite:wiki-mse,
  author = {Wikipedia},
  title = {Mean squared error},
  url = {https://en.wikipedia.org/wiki/Mean_squared_error}}
  
@article{cite:wiki-rl,
  author = {Wikipedia},
  title = {Reinforcement learning},
  url = {https://en.wikipedia.org/wiki/Reinforcement_learning}}
 
@article{cite:wiki-ou,
  author = {Wikipedia},
  title = {Ornsteinâ€“Uhlenbeck process},
  url = {https://en.wikipedia.org/wiki/Ornstein%E2%80%93Uhlenbeck_process}}

@ARTICLE{cite:RTRL-complexity,
    author = {M.W. Mak and Y. L. Lu and K. W. Ku},
    title = {Improved Real Time Recurrent Learning Algorithms: a Review and some New Approaches},
    journal = {Neurocomputing},
    year = {1995},
    volume = {24},
    pages = {13--36}
}
 
 @article{cite:DDPG,
  author    = {Timothy P. Lillicrap and
               Jonathan J. Hunt and
               Alexander Pritzel and
               Nicolas Heess and
               Tom Erez and
               Yuval Tassa and
               David Silver and
               Daan Wierstra},
  title     = {Continuous control with deep reinforcement learning},
  journal   = {CoRR},
  volume    = {abs/1509.02971},
  year      = {2015},
  url       = {http://arxiv.org/abs/1509.02971},
  timestamp = {Thu, 01 Oct 2015 14:28:48 +0200},
  biburl    = {http://dblp.uni-trier.de/rec/bib/journals/corr/LillicrapHPHETS15},
  bibsource = {dblp computer science bibliography, http://dblp.org}
}

@article{cite:replay,
  author    = {Tom Schaul and
               John Quan and
               Ioannis Antonoglou and
               David Silver},
  title     = {Prioritized Experience Replay},
  journal   = {CoRR},
  volume    = {abs/1511.05952},
  year      = {2015},
  url       = {http://arxiv.org/abs/1511.05952},
  timestamp = {Tue, 01 Dec 2015 19:22:34 +0100},
  biburl    = {http://dblp.uni-trier.de/rec/bib/journals/corr/SchaulQAS15},
  bibsource = {dblp computer science bibliography, http://dblp.org}
}

@article{cite:adam,
  author    = {Diederik P. Kingma and
               Jimmy Ba},
  title     = {Adam: {A} Method for Stochastic Optimization},
  journal   = {CoRR},
  volume    = {abs/1412.6980},
  year      = {2014},
  url       = {http://arxiv.org/abs/1412.6980},
  timestamp = {Thu, 01 Jan 2015 19:51:08 +0100},
  biburl    = {http://dblp.uni-trier.de/rec/bib/journals/corr/KingmaB14},
  bibsource = {dblp computer science bibliography, http://dblp.org}
}

@article{cite:LSTM,
  author    = {Sepp Hochreiter and Jurgen Schmidhuber},
  title     = {LONG SHORT-TERM MEMORY},
  year      = {1997},
  url       = {http://deeplearning.cs.cmu.edu/pdfs/Hochreiter97_lstm.pdf},
}
 
 
@article{cite:RTRL,
  author    = {Ronald J. Williams and David Zipser},
  title     = {A Learning Algorithm for Continually Running Fully Recurrent Neural Networks},
  year      = {1989},
  url       = {http://citeseerx.ist.psu.edu/viewdoc/download?doi=10.1.1.52.9724&rep=rep1&type=pdf},
}
 
 
@article{cite:DPG,
  author    = {David Silver and Guy Lever and Nicolas Heess and Thomas Degris and Daan Wierstra and Martin Riedmiller},
  title     = {Deterministic Policy Gradient Algorithms},
  year      = {2014},
  url       = {http://jmlr.org/proceedings/papers/v32/silver14.pdf}}

@article{cite:atari,
  author={Mnih, Volodymyr
and Kavukcuoglu, Koray
and Silver, David
and Rusu, Andrei A.
and Veness, Joel
and Bellemare, Marc G.
and Graves, Alex
and Riedmiller, Martin
and Fidjeland, Andreas K.
and Ostrovski, Georg
and Petersen, Stig
and Beattie, Charles
and Sadik, Amir
and Antonoglou, Ioannis
and King, Helen
and Kumaran, Dharshan
and Wierstra, Daan
and Legg, Shane
and Hassabis, Demis},
title={Human-level control through deep reinforcement learning},
journal={Nature},
year={2015},
month={Feb},
day={26},
publisher={Nature Publishing Group, a division of Macmillan Publishers Limited. All Rights Reserved.},
volume={518},
number={7540},
pages={529-533},
note={Letter},
issn={0028-0836},
url={http://dx.doi.org/10.1038/nature14236}}


@article{cite:gazebo-vrep,
  author    = {Lucas Nogueira},
  title     = {Comparative Analysis Between Gazebo and V-REP Robotic Simulators},
  url       = {http://www.dca.fee.unicamp.br/~gudwin/courses/IA889/2014/IA889-02.pdf},
}

@article{cite:batchnorm,
  author    = {Sergey Ioffe and
               Christian Szegedy},
  title     = {Batch Normalization: Accelerating Deep Network Training by Reducing
               Internal Covariate Shift},
  journal   = {CoRR},
  volume    = {abs/1502.03167},
  year      = {2015},
  url       = {http://arxiv.org/abs/1502.03167},
  timestamp = {Mon, 02 Mar 2015 14:17:34 +0100},
  biburl    = {http://dblp.uni-trier.de/rec/bib/journals/corr/IoffeS15},
  bibsource = {dblp computer science bibliography, http://dblp.org}
}

@article{cite:doubledqn,
  author    = {Hado van Hasselt and
               Arthur Guez and
               David Silver},
  title     = {Deep Reinforcement Learning with Double Q-learning},
  journal   = {CoRR},
  volume    = {abs/1509.06461},
  year      = {2015},
  url       = {http://arxiv.org/abs/1509.06461},
  timestamp = {Thu, 01 Oct 2015 14:28:48 +0200},
  biburl    = {http://dblp.uni-trier.de/rec/bib/journals/corr/HasseltGS15},
  bibsource = {dblp computer science bibliography, http://dblp.org}
}